<record><leader>00000cas a22000007a 4500</leader><controlfield tag="001">17462791</controlfield><controlfield tag="008">880211d19051969lauwr ne      0    0eng d</controlfield><datafield ind1=" " ind2=" " tag="010"><subfield code="a">sn 88064067 </subfield></datafield><datafield ind1=" " ind2=" " tag="040"><subfield code="a">LNP</subfield><subfield code="b">eng</subfield><subfield code="c">LNP</subfield><subfield code="d">LNP</subfield><subfield code="d">OCLCQ</subfield><subfield code="d">OCLCO</subfield><subfield code="d">OCLCF</subfield></datafield><datafield ind1="1" ind2=" " tag="029"><subfield code="a">AU@</subfield><subfield code="b">000025823131</subfield></datafield><datafield ind1=" " ind2=" " tag="042"><subfield code="a">msc</subfield></datafield><datafield ind1=" " ind2=" " tag="043"><subfield code="a">n-us-la</subfield></datafield><datafield ind1="0" ind2="4" tag="245"><subfield code="a">The Jena times.</subfield></datafield><datafield ind1="3" ind2="0" tag="246"><subfield code="a">Jena times and the Olla-Tullos signal</subfield></datafield><datafield ind1=" " ind2=" " tag="260"><subfield code="a">Jena, Catahoula Parish [La.] :</subfield><subfield code="b">Jena Pub. Co.</subfield></datafield><datafield ind1=" " ind2=" " tag="310"><subfield code="a">Weekly</subfield></datafield><datafield ind1="1" ind2=" " tag="362"><subfield code="a">Began on Mar. 23, 1905.</subfield></datafield><datafield ind1="0" ind2=" " tag="362"><subfield code="a">-no. 13 (Apr. 24, 1969).</subfield></datafield><datafield ind1=" " ind2=" " tag="500"><subfield code="a">Published in Jena, Catahoula Parish, &lt;Dec. 15, 1906&gt;-&lt;Nov. 27, 1909?&gt;; in Jena, La Salle Parish, &lt;Mar. 12, 1912?&gt;-1969.</subfield></datafield><datafield ind1=" " ind2=" " tag="500"><subfield code="a">Christmas issues, 1937-1942, published jointly with The Olla-Tullos signal as: The Jena times and the Olla-Tullos signal.</subfield></datafield><datafield ind1=" " ind2=" " tag="500"><subfield code="a">"Official journal of La Salle Parish." (Feb. 6, 1909).</subfield></datafield><datafield ind1=" " ind2=" " tag="588"><subfield code="a">Description based on: Vol. 2, no. 39 (Dec. 15, 1906).</subfield></datafield><datafield ind1=" " ind2="0" tag="651"><subfield code="a">Jena (La.)</subfield><subfield code="v">Newspapers.</subfield></datafield><datafield ind1=" " ind2="0" tag="651"><subfield code="a">La Salle Parish (La.)</subfield><subfield code="v">Newspapers.</subfield></datafield><datafield ind1=" " ind2="0" tag="651"><subfield code="a">Catahoula Parish (La.)</subfield><subfield code="v">Newspapers.</subfield></datafield><datafield ind1=" " ind2="7" tag="655"><subfield code="a">Newspapers.</subfield><subfield code="2">fast</subfield><subfield code="0">(OCoLC)fst01423814</subfield></datafield><datafield ind1=" " ind2="7" tag="651"><subfield code="a">Louisiana</subfield><subfield code="z">Catahoula Parish.</subfield><subfield code="2">fast</subfield><subfield code="0">(OCoLC)fst01221119</subfield></datafield><datafield ind1=" " ind2="7" tag="651"><subfield code="a">Louisiana</subfield><subfield code="z">Jena.</subfield><subfield code="2">fast</subfield><subfield code="0">(OCoLC)fst01218027</subfield></datafield><datafield ind1=" " ind2="7" tag="651"><subfield code="a">Louisiana</subfield><subfield code="z">La Salle Parish.</subfield><subfield code="2">fast</subfield><subfield code="0">(OCoLC)fst01218032</subfield></datafield><datafield ind1=" " ind2=" " tag="752"><subfield code="a">United States</subfield><subfield code="b">Louisiana</subfield><subfield code="c">Catahoula</subfield><subfield code="d">Jena.</subfield></datafield><datafield ind1=" " ind2=" " tag="752"><subfield code="a">United States</subfield><subfield code="b">Louisiana</subfield><subfield code="c">La Salle</subfield><subfield code="d">Jena.</subfield></datafield><datafield ind1="0" ind2="7" tag="785"><subfield code="t">Olla-Tullos signal</subfield><subfield code="w">(DLC)sn 88064066</subfield></datafield><datafield ind1="0" ind2="7" tag="785"><subfield code="t">Jena times Olla-Tullos signal</subfield><subfield code="w">(DLC)sn 88064068</subfield></datafield></record>